<record><leader>00000cas a2200000 a 4500</leader><controlfield tag="001">12703497</controlfield><controlfield tag="008">851022d18871887ksudr ne      0    0eng d</controlfield><datafield ind1=" " ind2=" " tag="010"><subfield code="a">sn 85030849 </subfield></datafield><datafield ind1=" " ind2=" " tag="040"><subfield code="a">KSH</subfield><subfield code="b">eng</subfield><subfield code="c">KSH</subfield><subfield code="d">NPT</subfield><subfield code="d">OCL</subfield><subfield code="d">OCLCQ</subfield></datafield><datafield ind1=" " ind2=" " tag="042"><subfield code="a">msc</subfield></datafield><datafield ind1="0" ind2=" " tag="130"><subfield code="a">Wellington daily standard (Wellington, Kan. : 1887)</subfield></datafield><datafield ind1="1" ind2="0" tag="245"><subfield code="a">Wellington daily standard.</subfield></datafield><datafield ind1="1" ind2="3" tag="246"><subfield code="a">Wellington standard</subfield><subfield code="f">Oct. 18-Dec. 13, 1887</subfield></datafield><datafield ind1=" " ind2=" " tag="260"><subfield code="a">Wellington, Kan. :</subfield><subfield code="b">Luke Herring,</subfield><subfield code="c">1887.</subfield></datafield><datafield ind1=" " ind2=" " tag="300"><subfield code="a">1 v. ;</subfield><subfield code="c">54 cm.</subfield></datafield><datafield ind1=" " ind2=" " tag="310"><subfield code="a">Daily (except Sunday)</subfield></datafield><datafield ind1="0" ind2=" " tag="362"><subfield code="a">Vol. 1, no. 1 (June 7, 1887)-v. 1, no. 161 (Dec. 13, 1887).</subfield></datafield><datafield ind1=" " ind2=" " tag="500"><subfield code="a">"Democratic."</subfield></datafield><datafield ind1=" " ind2=" " tag="580"><subfield code="a">Issued also in a weekly edition called: Sumner County standard.</subfield></datafield><datafield ind1=" " ind2=" " tag="752"><subfield code="a">United States</subfield><subfield code="b">Kansas</subfield><subfield code="c">Sumner</subfield><subfield code="d">Wellington.</subfield></datafield><datafield ind1="1" ind2=" " tag="775"><subfield code="t">Sumner County standard</subfield><subfield code="w">(DLC)sn 85030851</subfield></datafield><datafield ind1="0" ind2="0" tag="785"><subfield code="t">Daily standard (Wellington, Kan.)</subfield><subfield code="w">(DLC)sn 85030850</subfield></datafield><datafield ind1="1" ind2=" " tag="029"><subfield code="a">AU@</subfield><subfield code="b">000022173145</subfield></datafield></record>